@incollection{bacaer2011lotka,
  title={Lotka, Volterra and the predator--prey system (1920--1926)},
  author={Baca{\"e}r, Nicolas},
  booktitle={A short history of mathematical population dynamics},
  pages={71--76},
  year={2011},
  publisher={Springer}
}

@article{lotka1920analytical,
  title={Analytical note on certain rhythmic relations in organic systems},
  author={Lotka, Alfred J},
  journal={Proceedings of the National Academy of Sciences},
  volume={6},
  number={7},
  pages={410--415},
  year={1920},
  publisher={National Acad Sciences}
}

@article{he2011coexistence,
  title={Coexistence in the two-dimensional May-Leonard model with random rates},
  author={He, Qian and Mobilia, Mauro and T{\"a}uber, Uwe C},
  journal={The European Physical Journal B},
  volume={82},
  number={1},
  pages={97--105},
  year={2011},
  publisher={Springer}
}

@article{szczesny2014characterization,
  title={Characterization of spiraling patterns in spatial rock-paper-scissors games},
  author={Szczesny, Bartosz and Mobilia, Mauro and Rucklidge, Alastair M},
  journal={Physical Review E},
  volume={90},
  number={3},
  pages={032704},
  year={2014},
  publisher={APS}
}

@misc{volterra1926fluctuations,
  title={Fluctuations in the abundance of a species considered mathematically 1},
  author={Volterra, Vito},
  year={1926},
  publisher={Nature Publishing Group}
}

@article{may1975nonlinear,
  title={Nonlinear aspects of competition between three species},
  author={May, Robert M and Leonard, Warren J},
  journal={SIAM journal on applied mathematics},
  volume={29},
  number={2},
  pages={243--253},
  year={1975},
  publisher={SIAM}
}

@article{szabo2007evolutionary,
  title={Evolutionary games on graphs},
  author={Szab{\'o}, Gy{\"o}rgy and Fath, Gabor},
  journal={Physics reports},
  volume={446},
  number={4-6},
  pages={97--216},
  year={2007},
  publisher={Elsevier}
}

@article{reichenbach2006coexistence,
  title={Coexistence versus extinction in the stochastic cyclic Lotka-Volterra model},
  author={Reichenbach, Tobias and Mobilia, Mauro and Frey, Erwin},
  journal={Physical Review E},
  volume={74},
  number={5},
  pages={051907},
  year={2006},
  publisher={APS}
}

@article{kirkup2004antibiotic,
  title={Antibiotic-mediated antagonism leads to a bacterial game of rock--paper--scissors in vivo},
  author={Kirkup, Benjamin C and Riley, Margaret A},
  journal={Nature},
  volume={428},
  number={6981},
  pages={412--414},
  year={2004},
  publisher={Nature Publishing Group}
}

@article{serrao2021rare,
  title={Rare extinction events in cyclic predator--prey games},
  author={Serrao, Shannon R and Ritmeester, Tim and Meyer-Ortmanns, Hildegard},
  journal={Journal of Physics A: Mathematical and Theoretical},
  volume={54},
  number={23},
  pages={235001},
  year={2021},
  publisher={IOP Publishing}
}


@article{muller2010community,
  title={How community size affects survival chances in cyclic competition games that microorganisms play},
  author={M{\"u}ller, Ana Paula O and Gallas, Jason AC},
  journal={Physical Review E},
  volume={82},
  number={5},
  pages={052901},
  year={2010},
  publisher={APS}
}

@article{berr2009zero,
  title={Zero-one survival behavior of cyclically competing species},
  author={Berr, Maximilian and Reichenbach, Tobias and Schottenloher, Martin and Frey, Erwin},
  journal={Physical review letters},
  volume={102},
  number={4},
  pages={048102},
  year={2009},
  publisher={APS}
}

@article{west2020fixation,
  title={Fixation properties of rock-paper-scissors games in fluctuating populations},
  author={West, Robert and Mobilia, Mauro},
  journal={Journal of theoretical biology},
  volume={491},
  pages={110135},
  year={2020},
  publisher={Elsevier}
}

@article{szolnoki2014cyclic,
  title={Cyclic dominance in evolutionary games: a review},
  author={Szolnoki, Attila and Mobilia, Mauro and Jiang, Luo-Luo and Szczesny, Bartosz and Rucklidge, Alastair M and Perc, Matja{\v{z}}},
  journal={Journal of the Royal Society Interface},
  volume={11},
  number={100},
  pages={20140735},
  year={2014},
  publisher={The Royal Society}
}

@article{perc2017statistical,
  title={Statistical physics of human cooperation},
  author={Perc, Matja{\v{z}} and Jordan, Jillian J and Rand, David G and Wang, Zhen and Boccaletti, Stefano and Szolnoki, Attila},
  journal={Physics Reports},
  volume={687},
  pages={1--51},
  year={2017},
  publisher={Elsevier}
}

@article{sinervo1996rock,
  title={The rock--paper--scissors game and the evolution of alternative male strategies},
  author={Sinervo, Barry and Lively, Curt M},
  journal={Nature},
  volume={380},
  number={6571},
  pages={240--243},
  year={1996},
  publisher={Nature Publishing Group}
}

@article{arunachalam2020rock,
  title={Rock, Paper, Scissors Game Based Model for Content Discovery in P2P MANETs},
  author={Arunachalam, Ajay},
  journal={Wireless Personal Communications},
  volume={113},
  number={2},
  pages={1315--1330},
  year={2020},
  publisher={Springer}
}


@article{nahum2011evolution,
  title={Evolution of restraint in a structured rock--paper--scissors community},
  author={Nahum, Joshua R and Harding, Brittany N and Kerr, Benjamin},
  journal={Proceedings of the National Academy of Sciences},
  volume={108},
  number={Supplement 2},
  pages={10831--10838},
  year={2011},
  publisher={National Acad Sciences}
}


@article{pennisi2005determines,
  title={What determines species diversity?},
  author={Pennisi, Elizabeth},
  journal={Science},
  volume={309},
  number={5731},
  pages={90--91},
  year={2005},
  publisher={American Association for the Advancement of Science}
}


@article{frey2010evolutionary,
  title={Evolutionary game theory: Theoretical concepts and applications to microbial communities},
  author={Frey, Erwin},
  journal={Physica A: Statistical Mechanics and its Applications},
  volume={389},
  number={20},
  pages={4265--4298},
  year={2010},
  publisher={Elsevier}
}

@article{jackson1975alleopathy,
  title={Alleopathy and spatial competition among coral reef invertebrates},
  author={Jackson, JBC and Buss, LEO},
  journal={Proceedings of the National Academy of Sciences},
  volume={72},
  number={12},
  pages={5160--5163},
  year={1975},
  publisher={National Acad Sciences}
}

@article{cameron2009parasite,
  title={Parasite--grass--forb interactions and rock--paper--scissor dynamics: predicting the effects of the parasitic plant Rhinanthus minor on host plant communities},
  author={Cameron, Duncan D and White, Andy and Antonovics, Janis},
  journal={Journal of Ecology},
  volume={97},
  number={6},
  pages={1311--1319},
  year={2009},
  publisher={Wiley Online Library}
}

@article{pfeiffer2014evolutionary,
  title={An evolutionary perspective on the Crabtree effect},
  author={Pfeiffer, Thomas and Morley, Annabel},
  journal={Frontiers in molecular biosciences},
  volume={1},
  pages={17},
  year={2014},
  publisher={Frontiers}
}

@inproceedings{tainaka2000physics,
  title={Physics and ecology of rock-paper-scissors game},
  author={Tainaka, Kei-ichi},
  booktitle={International Conference on Computers and Games},
  pages={384--395},
  year={2000},
  organization={Springer}
}

@article{kerr2002local,
  title={Local dispersal promotes biodiversity in a real-life game of rock--paper--scissors},
  author={Kerr, Benjamin and Riley, Margaret A and Feldman, Marcus W and Bohannan, Brendan JM},
  journal={Nature},
  volume={418},
  number={6894},
  pages={171--174},
  year={2002},
  publisher={Nature Publishing Group}
}

@article{chi1998asymmetric,
  title={On the asymmetric May--Leonard model of three competing species},
  author={Chi, Chia-Wei and Wu, Lih-Ing and Hsu, Sze-Bi},
  journal={SIAM Journal on Applied Mathematics},
  volume={58},
  number={1},
  pages={211--226},
  year={1998},
  publisher={SIAM}
}

@book{smith1982evolution,
  title={Evolution and the Theory of Games},
  author={Smith, John Maynard},
  year={1982},
  publisher={Cambridge university press}
}

@article{may1974biological,
  title={Biological populations with nonoverlapping generations: stable points, stable cycles, and chaos},
  author={May, Robert M},
  journal={Science},
  volume={186},
  number={4164},
  pages={645--647},
  year={1974},
  publisher={American Association for the Advancement of Science}
}

@book{may2019stability,
  title={Stability and complexity in model ecosystems},
  author={May, Robert M},
  year={2019},
  publisher={Princeton university press}
}




@article{bhattacharyya2020mortality,
  title={Mortality makes coexistence vulnerable in evolutionary game of rock-paper-scissors},
  author={Bhattacharyya, Sirshendu and Sinha, Pritam and De, Rina and Hens, Chittaranjan},
  journal={Physical Review E},
  volume={102},
  number={1},
  pages={012220},
  year={2020},
  publisher={APS}
}

@article{reichenbach2007mobility,
  title={Mobility promotes and jeopardizes biodiversity in rock--paper--scissors games},
  author={Reichenbach, Tobias and Mobilia, Mauro and Frey, Erwin},
  journal={Nature},
  volume={448},
  number={7157},
  pages={1046--1049},
  year={2007},
  publisher={Nature Publishing Group}
}

@article{avelino2012junctions,
  title={Junctions and spiral patterns in generalized rock-paper-scissors models},
  author={Avelino, PP and Bazeia, D and Losano, L and Menezes, J and Oliveira, BF},
  journal={Physical Review E},
  volume={86},
  number={3},
  pages={036112},
  year={2012},
  publisher={APS}
}

@article{avelino2018directional,
  title={How directional mobility affects coexistence in rock-paper-scissors models},
  author={Avelino, PP and Bazeia, D and Losano, L and Menezes, J and de Oliveira, BF and Santos, MA},
  journal={Physical Review E},
  volume={97},
  number={3},
  pages={032415},
  year={2018},
  publisher={APS}
}

@article{reichenbach2007noise,
  title={Noise and correlations in a spatial population model with cyclic competition},
  author={Reichenbach, Tobias and Mobilia, Mauro and Frey, Erwin},
  journal={Physical review letters},
  volume={99},
  number={23},
  pages={238105},
  year={2007},
  publisher={APS}
}

@article{park2019fitness,
  title={Fitness-based mutation in the spatial rock-paper-scissors game: Shifting of critical mobility for extinction},
  author={Park, Junpyo},
  journal={EPL (Europhysics Letters)},
  volume={126},
  number={3},
  pages={38004},
  year={2019},
  publisher={IOP Publishing}
}

@article{hashimoto2018clustering,
  title={Clustering effect on the dynamics in a spatial rock-paper-scissors system},
  author={Hashimoto, Tsuyoshi and Sato, Kazunori and Ichinose, Genki and Miyazaki, Rinko and Tainaka, Kei-ichi},
  journal={Journal of the Physical Society of Japan},
  volume={87},
  number={1},
  pages={014801},
  year={2018},
  publisher={The Physical Society of Japan}
}

@article{momeni2017lotka,
  title={Lotka-Volterra pairwise modeling fails to capture diverse pairwise microbial interactions},
  author={Momeni, Babak and Xie, Li and Shou, Wenying},
  journal={Elife},
  volume={6},
  pages={e25051},
  year={2017},
  publisher={eLife Sciences Publications Limited}
}

@article{segura2013competition,
  title={Competition drives clumpy species coexistence in estuarine phytoplankton},
  author={Segura, AM and Kruk, C and Calliari, D and Garc{\'\i}a-Rodriguez, F and Conde, D and Widdicombe, CE and Fort, H},
  journal={Scientific reports},
  volume={3},
  number={1},
  pages={1--6},
  year={2013},
  publisher={Nature Publishing Group}
}

@book{mooney1997monte,
  title={Monte carlo simulation},
  author={Mooney, Christopher Z},
  number={116},
  year={1997},
  publisher={Sage}
}

@incollection{zio2013monte,
  title={Monte carlo simulation: The method},
  author={Zio, Enrico},
  booktitle={The Monte Carlo simulation method for system reliability and risk analysis},
  pages={19--58},
  year={2013},
  publisher={Springer}
}

@article{reichenbach2007mobility,
  title={Mobility promotes and jeopardizes biodiversity in rock--paper--scissors games},
  author={Reichenbach, Tobias and Mobilia, Mauro and Frey, Erwin},
  journal={Nature},
  volume={448},
  number={7157},
  pages={1046--1049},
  year={2007},
  publisher={Nature Publishing Group}
}

@article{ke2020effects,
  title={Effects of soil microbes on plant competition: a perspective from modern coexistence theory},
  author={Ke, Po-Ju and Wan, Joe},
  journal={Ecological Monographs},
  volume={90},
  number={1},
  pages={e01391},
  year={2020},
  publisher={Wiley Online Library}
}

@article{reichenbach2008self,
  title={Self-organization of mobile populations in cyclic competition},
  author={Reichenbach, Tobias and Mobilia, Mauro and Frey, Erwin},
  journal={Journal of Theoretical Biology},
  volume={254},
  number={2},
  pages={368--383},
  year={2008},
  publisher={Elsevier}
}

@article{pennisi2005determines,
  title={What determines species diversity?},
  author={Pennisi, Elizabeth},
  journal={Science},
  volume={309},
  number={5731},
  pages={90--91},
  year={2005},
  publisher={American Association for the Advancement of Science}
}

@book{hofbauer1998evolutionary,
  title={Evolutionary games and population dynamics},
  author={Hofbauer, Josef and Sigmund, Karl and others},
  year={1998},
  publisher={Cambridge university press}
}

@article{frey2010evolutionary,
  title={Evolutionary game theory: Theoretical concepts and applications to microbial communities},
  author={Frey, Erwin},
  journal={Physica A: Statistical Mechanics and its Applications},
  volume={389},
  number={20},
  pages={4265--4298},
  year={2010},
  publisher={Elsevier}
}
@article{mobilia2016influence,
  title={The influence of mobility rate on spiral waves in spatial rock-paper-scissors games},
  author={Mobilia, Mauro and Rucklidge, Alastair M and Szczesny, Bartosz},
  journal={Games},
  volume={7},
  number={3},
  pages={24},
  year={2016},
  publisher={Multidisciplinary Digital Publishing Institute}
}

@article{traulsen2006stochastic,
  title={Stochastic dynamics of invasion and fixation},
  author={Traulsen, Arne and Nowak, Martin A and Pacheco, Jorge M},
  journal={Physical Review E},
  volume={74},
  number={1},
  pages={011909},
  year={2006},
  publisher={APS}
}


@article{ipsen2000amplitude,
  title={Amplitude equations for reaction--diffusion systems with a Hopf bifurcation and slow real modes},
  author={Ipsen, M and Hynne, F and S{\o}rensen, PG},
  journal={Physica D: Nonlinear Phenomena},
  volume={136},
  number={1-2},
  pages={66--92},
  year={2000},
  publisher={Elsevier}
}

@article{ipsen2000amplitudee,
  title={Amplitude equations for description of chemical reaction--diffusion systems},
  author={Ipsen, Mads and Kramer, Lorenz and S{\o}rensen, Preben Graae},
  journal={Physics Reports},
  volume={337},
  number={1-2},
  pages={193--235},
  year={2000},
  publisher={Elsevier}
}

@article{gong2003antispiral,
  title={Antispiral waves in reaction-diffusion systems},
  author={Gong, Yunfan and Christini, David J},
  journal={Physical review letters},
  volume={90},
  number={8},
  pages={088302},
  year={2003},
  publisher={APS}
}

@article{mondal2019diffusion,
  title={Diffusion dynamics of a conductance-based neuronal population},
  author={Mondal, Argha and Sharma, Sanjeev Kumar and Upadhyay, Ranjit Kumar and Aziz-Alaoui, MA and Kundu, Prosenjit and Hens, Chittaranjan},
  journal={Physical Review E},
  volume={99},
  number={4},
  pages={042307},
  year={2019},
  publisher={APS}
}
@article{mondal2021spatiotemporal,
  title={Spatiotemporal characteristics in systems of diffusively coupled excitable slow--fast FitzHugh--Rinzel dynamical neurons},
  author={Mondal, Arnab and Mondal, Argha and Kumar Sharma, Sanjeev and Kumar Upadhyay, Ranjit and Antonopoulos, Chris G},
  journal={Chaos: An Interdisciplinary Journal of Nonlinear Science},
  volume={31},
  number={10},
  pages={103122},
  year={2021},
  publisher={AIP Publishing LLC}
}


